@Article{ICP_OES,
author = {Xiandeng Hou, Bradley T. Jones},
title = {Indectively Coupled Plasma/Optical Emission Spcetrometry},
journal = {Encyclopedia of Analytical Chemistry},
year = {2000},
pages = {9468-9485}
}

@book{rill2010grundlagen,
  title={Grundlagen und Methodik der Mehrk{\"o}rpersimulation},
  author={Rill, Georg and Schaeffer, Thomas},
  year={2010},
  publisher={Springer}
}

@misc{winkl,
annote = {Management Center Innsbruck},
author = {R. Winkler},
howpublished = {Skriptum},
title = {Advanced Engineering Mechanics}},
year = {2013}
}

@online{onl:02,
  title = {Timoshenko beam theory},
  author = {Wikipedia},
  year = 2016,
  url = {https://en.wikipedia.org/wiki/Timoshenkobeamtheory},
  urldate = {2016-12-16}
}